<record><leader>00000cas a22000007a 4500</leader><controlfield tag="001">22334093</controlfield><controlfield tag="008">900905d19691989ohuwr ne      0    0eng d</controlfield><datafield ind1=" " ind2=" " tag="010"><subfield code="a">sn 90068457 </subfield></datafield><datafield ind1=" " ind2=" " tag="040"><subfield code="a">ONP</subfield><subfield code="b">eng</subfield><subfield code="c">ONP</subfield><subfield code="d">OCLCQ</subfield></datafield><datafield ind1=" " ind2=" " tag="042"><subfield code="a">msc</subfield></datafield><datafield ind1="0" ind2="4" tag="245"><subfield code="a">The Chagrin Valley herald sun.</subfield></datafield><datafield ind1=" " ind2=" " tag="260"><subfield code="a">[Cleveland, Ohio] :</subfield><subfield code="b">ComCorp,</subfield><subfield code="c">1969-1989.</subfield></datafield><datafield ind1=" " ind2=" " tag="300"><subfield code="a">v.</subfield></datafield><datafield ind1=" " ind2=" " tag="310"><subfield code="a">Weekly</subfield></datafield><datafield ind1="0" ind2=" " tag="362"><subfield code="a">24th year, no. 20 (Nov. 20, 1969)-40th year, no. 1 (Jan. 5, 1989).</subfield></datafield><datafield ind1=" " ind2=" " tag="752"><subfield code="a">United States</subfield><subfield code="b">Ohio</subfield><subfield code="c">Cuyahoga</subfield><subfield code="d">Cleveland.</subfield></datafield><datafield ind1="0" ind2="0" tag="780"><subfield code="t">Chagrin Valley herald</subfield><subfield code="w">(DLC)sn 90068428</subfield></datafield><datafield ind1="0" ind2="0" tag="785"><subfield code="t">Chagrin herald sun</subfield><subfield code="w">(DLC)sn 90068286</subfield></datafield></record>